%TREVOR JORDAN ECON DMP BIBLIOGRAPHY%

%%%%%%%%%%%%%%%%%%%%%%%%%%%%%%%%%%%%%%%%
%%%%%%%%%%%%%%%%%%%%%%%%%%%%%%%%%%%%%%%%
%%%%%%%%%%%%%%%%INTRO%%%%%%%%%%%%%%%%%%%
%%%%%%%%%%%%%%%%%%%%%%%%%%%%%%%%%%%%%%%%
%%%%%%%%%%%%%%%%%%%%%%%%%%%%%%%%%%%%%%%%
@techreport{gruber,
 title = {Abortion Legalization and Child Living Circumstances: Who is the ``Marginal Child?''},
 author = {Jonathan Gruber and Phillip Levine and Douglas Staiger},
 institution = {National Bureau of Economic Research},
 type = {Working Paper},
 series = {Working Paper Series},
 number = {6034},
 year = {1997},
 doi = {10.3386/w6034},
 URL = {http://www.nber.org/papers/w6034}
}
@techreport{levitt,
 title = {The Impact of Legalized Abortion on Crime},
 author = {John Donohue and Steven Levitt},
 institution = {National Bureau of Economic Research},
 type = {Working Paper},
 series = {Working Paper Series},
 number = {8004},
 year = {2000},
 doi = {10.3386/w8004},
 URL = {http://www.nber.org/papers/w8004},
}
@techreport{ananat,
 title = {Abortion and Selection},
 author = {Elizabeth Oltmans Ananat and Jonathan Gruber and Phillip B. Levine and Douglas Staiger},
 institution = {National Bureau of Economic Research},
 type = {Working Paper},
 series = {Working Paper Series},
 number = {12150},
 year = {2006},
 doi = {10.3386/w12150},
 URL = {http://www.nber.org/papers/w12150},
}
%%%%%%%%%%%%%%%%%%%%%%%%%%%%%%%%%%%%%%%%
%%%%%%%%%%%%%%%%%%%%%%%%%%%%%%%%%%%%%%%%
%%%%%%%%%%%%%%%%POLICY%%%%%%%%%%%%%%%%%%
%%%%%%%%%%%%%%%%%%%%%%%%%%%%%%%%%%%%%%%%
%%%%%%%%%%%%%%%%%%%%%%%%%%%%%%%%%%%%%%%%

%%%%%%%%%%%%%%%MEDICAID%%%%%%%%%%%%%%%%%
@online{1972_enrollment,
title={Medicaid: A Timeline of Key Developments},
url={https://kaiserfamilyfoundation.files.wordpress.com/2008/04/5-02-13-medicaid-timeline.pdf},
organization={Kaiser Family Foundation},
year={2017}
}
@online{2017_enrollment,
title={January 2017 Medicaid and CHIP Enrollment Data Highlights},
url={https://www.medicaid.gov/medicaid/program-information/medicaid-and-chip-enrollment-data/report-highlights/index.html},
organization={Medicaid.gov},
year={2017}
}
@online{2015_gdp,
title={Policy Basics: Where Do Our Federal Tax Dollars Go?},
url={http://www.cbpp.org/research/federal-budget/policy-basics-where-do-our-federal-tax-dollars-go},
organization={Center on Budget and Policy Priorities},
year={2017}
}
@online{2015_nhe,
title={NHE Fact Sheet - Centers for Medicare \& Medicaid Services},
url={https://www.cms.gov/research-statistics-data-and-systems/statistics-trends-and-reports/nationalhealthexpenddata/nhe-fact-sheet.html},
organization={Centers for Medicare \& Medicaid Studies},
year={2017}
}
@online{arizona_enrollment,
title={Medicaid in Arizona: A timeline},
url={http://archive.azcentral.com/news/politics/articles/20130610medicaid-expansion-timeline.html},
organization={Arizona Central},
author={Reinhart, Mary},
year={2017}
}
%%%%%%%%%%%%%%%HYDE%%%%%%%%%%%%%%%%%
@online{1_in_5,
title={CMS Provides New Clarity for Family Planning Under Medicaid},
url={https://www.guttmacher.org/article/2016/07/cms-provides-new-clarity-family-planning-under-medicaid},
organization={Guttmacher Institute},
author={Sonfield, Adam},
year={2017}
}
@online{clinton,
title={H.R.2518 - 103rd Congress (1993-1994): Departments of Labor, Health and Human Services, and Education, and Related Agencies Appropriations Act, 1994},
url={https://www.congress.gov/bill/103rd-congress/house-bill/2518},
organization={Congress.gov},
year={2017}
}
@online{original_hyde,
title={Whose Choice: A Timeline of the Hyde Amendment and Its Impact on Abortion Funding},
url={https://www.reproductiverights.org/feature/whose-choice-a-timeline-of-the-hyde-amendment-and-its-impact-on-abortion-funding},
organization={Center for Reproductive Rights},
year={2017}
}
@misc{obama,
title={Executive Order 13535},
url={https://www.gpo.gov/fdsys/pkg/FR-2010-03-29/pdf/2010-7154.pdf},
year={2010}
}
@online{trump,
title={House Votes to Make Hyde Amendment Permanent},
url={http://www.speaker.gov/press-release/house-passes-hyde-amendment},
organization={Speaker.gov},
year={2017}
}
%%%%%%%%%%%%%%%%%%%%%%%%%%%%%%%%%%%%%%%%
%%%%%%%%%%%%%%%%%%%%%%%%%%%%%%%%%%%%%%%%
%%%%%%%%%%%%%%LIT_REVIEW%%%%%%%%%%%%%%%%
%%%%%%%%%%%%%%%%%%%%%%%%%%%%%%%%%%%%%%%%
%%%%%%%%%%%%%%%%%%%%%%%%%%%%%%%%%%%%%%%%
@thesis{davido,
author = {Davido, Allison},
type = {Senior Thesis},
title = {Education, Income, and Poverty: The Long-term Impact of Abortion},
institution = {University of Michigan},
date = 2009,
}
%%%%%%%%%%%%%%%%%%%%%%%%%%%%%%%%%%%%%%%%
%%%%%%%%%%%%%%%%%%%%%%%%%%%%%%%%%%%%%%%%
%%%%%%%%%%%%%%%%%DATA%%%%%%%%%%%%%%%%%%%
%%%%%%%%%%%%%%%%%%%%%%%%%%%%%%%%%%%%%%%%
%%%%%%%%%%%%%%%%%%%%%%%%%%%%%%%%%%%%%%%%
@misc{acs,
title={American Community Survey (2010)},
year={2015},
author={Steven Ruggles, Katie Genadek and Ronald Goeken},
organization={Integrated Public Use Microdata Series},
type={dataset},
version={6.0},
doi={http://doi.org/10.18128/D010.V6.0.},
pubstate={Minnesota},
location={University of Minnesota},
}
@misc{cps,
title={Census Population Survey (1981)},
year={2015},
author={Sarah Flood, Miriam King, Steven Ruggles and J. Robert Warren},
organization={Integrated Public Use Microdata Series},
type={dataset},
version={4.0},
doi={http://doi.org/10.18128/D010.V6.0.},
pubstate={Minnesota},
location={University of Minnesota},
}
@misc{unemployment,
title={Historical State Level Unemployment Rates},
url={https://research.stlouisfed.org/pdl/337?pageID=2},
year={2010},
author={Katrina Stierholz},
type={dataset},
organization={The Federal Reserve Bank of St. Louis}
}
@misc{cms,
title={Health Expenditures by State of Provider (1980-2009)},
url={https://www.cms.gov/Research-Statistics-Data-and-Systems/Statistics-Trends-and-Reports/NationalHealthExpendData/NationalHealthAccountsStateHealthAccountsProvider.html},
year={2012},
organization={Centers for Medicare \& Medicaid Services},
type={dataset}
}
%%%%%%%%%%%%%%%%%%%%%%%%%%%%%%%%%%%%%%%%
%%%%%%%%%%%%%%%%%%%%%%%%%%%%%%%%%%%%%%%%
%%%%%%%%%%%%%%%EMPIRICAL%%%%%%%%%%%%%%%%
%%%%%%%%%%%%%%%%%%%%%%%%%%%%%%%%%%%%%%%%
%%%%%%%%%%%%%%%%%%%%%%%%%%%%%%%%%%%%%%%%

%%%%%%%%%%%%%%%REGRESSION%%%%%%%%%%%%%%%%%






%%%%%%%%%%%%%%%%%%%%%%%%%%%%%%%%%%%%%%%%
%%%%%%%%%%%%%%%%%%%%%%%%%%%%%%%%%%%%%%%%
%%%%%%%%%%%%%%%EXTRAS%%%%%%%%%%%%%%%%%%%
%%%%%%%%%%%%%%%%%%%%%%%%%%%%%%%%%%%%%%%%
%%%%%%%%%%%%%%%%%%%%%%%%%%%%%%%%%%%%%%%%
@online{chicago_tribune,
title={Timeline of abortion laws and events},
url={http://www.chicagotribune.com/sns-abortion-timeline-story.html},
organization={Chicago Tribune},
year={2017}
}
@online{guttmacher_2,
title={Why Protecting Medicaid Means Protecting Sexual and Reproductive Health},
author={Adam Sonfield},
url={https://www.guttmacher.org/gpr/2017/03/why-protecting-medicaid-means-protecting-sexual-and-reproductive-health},
organization={Guttmacher Institute},
year={2017}
}
@online{guttmacher_3,
title={An Overview of Abortion Laws},
url={https://www.guttmacher.org/state-policy/explore/overview-abortion-laws},
organization={Guttmacher Institute},
year={2017}
}
@techreport{ananat_2,
 title = {Abortion Legalization and Lifecycle Fertility},
 author = {Elizabeth Oltmans Ananat and Jonathan Gruber and Phillip B. Levine},
 institution = {National Bureau of Economic Research},
 type = {Working Paper},
 series = {Working Paper Series},
 number = {10705},
 year = {2004},
 doi = {10.3386/w10705},
 URL = {http://www.nber.org/papers/w10705}
}
@techreport{levine,
 title = {Abortion as Insurance},
 author = {Phillip B. Levine and Douglas Staiger},
 institution = {National Bureau of Economic Research},
 type = {Working Paper},
 series = {Working Paper Series},
 number = {8813},
 year = {2002},
 doi = {10.3386/w8813},
 URL = {http://www.nber.org/papers/w8813}
}
@article{joyce,
 ISSN = {0022166X},
 URL = {http://www.jstor.org/stable/3559003},
 author = {Ted Joyce},
 journal = {The Journal of Human Resources},
 number = {1},
 pages = {1-28},
 publisher = {[University of Wisconsin Press, Board of Regents of the University of Wisconsin System]},
 title = {Did Legalized Abortion Lower Crime?},
 volume = {39},
 year = {2004}
}
@techreport{levine_2,
 title = {Roe v. Wade and American Fertility},
 author = {Phillip B. Levine and Douglas Staiger and Thomas J. Kane and David J. Zimmerman},
 institution = {National Bureau of Economic Research},
 type = {Working Paper},
 series = {Working Paper Series},
 number = {5615},
 year = {1996},
 doi = {10.3386/w5615},
 URL = {http://www.nber.org/papers/w5615}
}
